@book{vorozhtsov98,
  author = "Е. В. Ворожцов",
  title = "Разностные методы решения задач механики сплошных сред",
  publisher = "Изд-во НГТУ",
  year = 1998,
  language = "russian",
  numpages = 86,
  address = "Новосибирск"
}

@book{hutton04,
  author = "David Hutton",
  title = "Fundamentals of finite element analysis",
  year = 2004,
  address = "NY",
  language = "english",
  publisher = "McGraw-Hill"
}

@book{bathe96,
  author = "Klaus-Jürgen Bathe",
  title = "Finite Element Procedures",
  year = 1996,
  publisher = "Prentice-Hall",
  language = "english"
}

@book{zienkiewicz00,
  author = "O. C. Zienkiewicz and R. L. Taylor",
  title = "The Finite Element Method",
  volume = 1,
  year = 2000,
  publisher = "Butterworth-Heinemann",
  language = "english"
}